@book{manwell2010wind,
	title={Wind energy explained: theory, design and application},
	author={Manwell, James F and McGowan, Jon G and Rogers, Anthony L},
	year={2010},
	publisher={John Wiley \& Sons}
}
